@online{conexaoesportiva,
  author       = {{Escola Técnica de Eletrônica Francisco Moreira da Costa}},
  title        = {Conexão Esportiva},
  year         = {2016},
  url          = {https://www.etefmc.com.br/conexaoesportiva},
  note         = {Acesso em: 09 maio 2025}
}

@article{pinheiro2024, 
  author = {Matheus Pinheiro and Alberto Filgueiras and Carlos Eduardo Nórte}, 
  title = {A agressividade na perspectiva de jovens atletas, de seus familiares e treinadores}, 
  journal = {Psicologia \& Sociedade}, 
  volume = {36}, 
  year = {2024}, 
}

@article{sanches2011pratica,
  author    = {Simone Meyer Sanches and Kátia Rubio},
  title     = {A prática esportiva como ferramenta educacional: trabalhando valores e a resiliência},
  journal   = {Educação e Pesquisa},
  year      = {2011},
  volume    = {37},
  number    = {4},
  pages     = {825--842}
}

@book{samulski2002psicologia,
  author    = {Samulski, Dietmar Martin},
  title     = {Psicologia do esporte: manual para a Educação Física, Psicologia e Fisioterapia},
  publisher = {Manole},
  year      = {2002},
  address   = {Barueri, SP},
  pages     = {133--151}
}

@article{rubio1999psicologia,
  author    = {Rubio, Katia},
  title     = {A psicologia do esporte: histórico e áreas de atuação e pesquisa},
  journal   = {Psicologia: Ciência e Profissão},
  year      = {1999},
  volume    = {19},
  number    = {3},
  pages     = {60--69},
}

@article{scala2000proposta,
  author    = {Scala, Cristiana Tieppo},
  title     = {Proposta de intervenção em psicologia do esporte},
  journal   = {Revista Brasileira de Terapia Comportamental e Cognitiva},
  year      = {2000},
  volume    = {2},
  number    = {1},
  pages     = {53--59},
  issn      = {1517-5545},
}

@book{skinner1993,
  author    = {Burrhus Frederic Skinner},
  title     = {Sobre o Behaviorismo},
  edition   = {1},
  publisher = {Cultrix},
  address   = {São Paulo},
  year      = {1993}
}

@article{roberto2021importancia,
  author    = {Roberto, Tayná Gonçalves and Macedo, Fernando Luis},
  title     = {A importância e os benefícios da psicologia do esporte: revisão da literatura},
  journal   = {Revista InterCiência - IMES Catanduva},
  year      = {2021},
  volume    = {1},
  number    = {5},
  pages     = {53--59},
}

@article{vianna2011inclusao,
  author    = {Vianna, José Antonio and Lovisolo, Hugo Rodolfo},
  title     = {A inclusão social através do esporte: a percepção dos educadores},
  journal   = {Revista Brasileira de Educação Física e Esporte},
  year      = {2011},
  volume    = {25},
  number    = {2},
  pages     = {285--296},
}

@mastersthesis{araujo2019importancia,
  author = {Douglas Ramalho Formiga de Araújo},
  school = {Centro Universitário de Brasília},
  title = {A importância da prática de esporte na infância e na adolescência},
  year = {2019},
  address = {Brasília},
  type = {Trabalho de Conclusão de Curso (Graduação em Educação Física)}
}

@article{knobel2025psicologia,
  author  = {Keila Knobel and Juliana Passos},
  title   = {Psicologia do esporte: a relação entre corpo e mente dentro e fora de quadra},
  journal = {ComCiência},
  number  = {157},
  year    = {2025},
  url     = {https://www.comciencia.br/psicologia-do-esporte-a-relacao-entre-corpo-e-mente-dentro-e-fora-de-quadra/},
}

@article{fims1997exercicio,
  author  = {{Fédération Internationale de Médecine Sportive}},
  title   = {O exercício físico: um fator importante para a saúde},
  journal = {Revista Brasileira de Medicina do Esporte},
  volume  = {3},
  number  = {3},
  pages   = {87--88},
  year    = {1997},
  url     = {https://www.scielo.br/j/rbme/a/W9L5m6WZKH5mQ5yBMBvPT4S/},
  language = {pt},
}

@article{vieira2010psicologia,
  author    = {Lenamar Fiorese Vieira and João Ricardo Nickenig Vissoci and Leonardo Pestillo de Oliveira and José Luiz Lopes Vieira},
  title     = {Psicologia do esporte: uma área emergente da psicologia},
  journal   = {Psicologia em Estudo},
  year      = {2010},
  volume    = {15},
  number    = {2},
  pages     = {391--399},
  doi       = {10.1590/S1413-73722010000200018},
  url       = {https://www.scielo.br/j/pe/a/dxqXV7GtH7zkCLkzYq7K7Wd/?lang=pt},
  language  = {pt},
}

@misc{melo2021psicomotricidade,
  author       = {Letícia Brandão de Melo and Mariana Santos de Oliveira and Rosângela Vieira Dornelas Câmara Paes},
  title        = {A psicomotricidade no processo de aprendizagem infantil},
  year         = {2021},
  institution  = {Faculdade Pernambucana de Saúde (FPS)},
  address      = {Recife},
  url          = {https://repositorio.fps.edu.br/bitstream/4861/608/1/A%20psicomotricidade%20no%20processo%20de%20aprendizagem%20infantil%20%282%29%20%281%29.pdf},
  note         = {Acesso em: 9 maio 2025},
  isbn         = {978-65-84502-17-8},
  language     = {pt},
}

@misc{crefsp2025bioenergetica,
  author       = {{Conselho Regional de Educação Física da 4ª Região (CREF4/SP)}},
  title        = {OS PRIMEIROS PASSOS EM FISIOLOGIA DO EXERCÍCIO: BIOENERGÉTICA},
  year         = {2025},
  url          = {https://www.crefsp.gov.br/storage/app/arquivos/e585d5da3a47c10cc8e741cc4770ceea.pdf},
  note         = {Acesso em: 9 maio 2025},
  language     = {pt},
}

@online{pucrs_psicologia_esporte,
  author    = {{PUCRS}},
  title     = {Psicologia do esporte: o que é e como se preparar para atuar na área},
  year      = {2025},
  url       = {https://portal.pucrs.br/noticias/ensino/psicologia-do-esporte-o-que-e-e-como-se-preparar-para-atuar-na-area/},
  note      = {Acesso em: 9 maio 2025}
}

@article{aquino2012psicomotricidade,
  author = {Mislene Ferreira Santos de Aquino and Rodrigo Alberto Vieira Browne and Marcelo Magalhães Sales and Renata Aparecida Elias Dantas},
  title = {A psicomotricidade como ferramenta da educação física na educação infantil},
  journal = {Revista Brasileira de Futsal e Futebol},
  volume = {4},
  number = {14},
  year = {2012},
}

@mastersthesis{montanha2013psicomotricidade,
  author = {Eidy Cleia Montanha},
  school = {Universidade},
  title = {A psicomotricidade e a educação física},
  subtitle = {fator que beneficia o desenvolvimento da criança na fase escolar},
  year = {2013},
  address = {Paranavaí},
  type = {Trabalho de Conclusão de Curso (Especialização)}
}